% thesis.bib, to be used with thesis.tex
% This contains the bibliography entries (which can be most easily obtained from databases such as MathSciNet).
% Run laTeX, bibTeX, laTeX on thesis.tex to produce the bibliography.


@BOOK{bar,
	    AUTHOR = "Star, R. M.",
	    TITLE = "Foo Bar Baz",
	    PUBLISHER = {MIT Press},
	    ADDRESS = {Cambridge, MA},
	    YEAR = 1989}